<?xml version="1.0" encoding="UTF-8"?><collection xmlns="http://www.loc.gov/MARC21/slim"><record><leader>00377nam--2200133-i-4500</leader><controlfield tag="001">000011568</controlfield><controlfield tag="002">20161230</controlfield><controlfield tag="005">20161230201029</controlfield><controlfield tag="008">060222s1000------------r-----000-0-eng-d</controlfield><datafield ind1=" " ind2=" " tag="080"><subfield code="a">621.039(047:100):061.62(047:100)</subfield></datafield><datafield ind1=" " ind2=" " tag="245"><subfield code="a">Comptes de l`agence pour l`exercice 1974</subfield></datafield><datafield ind1=" " ind2=" " tag="260"><subfield code="a">Vienna, Agence Internationale De L`Energie Atomique, 1975. 88 P</subfield></datafield><datafield ind1=" " ind2=" " tag="490"><subfield code="a">549</subfield></datafield><datafield ind1=" " ind2=" " tag="852"><subfield code="a">42862</subfield></datafield></record></collection>